@DocuShare{RDO-15,
   author = "B. Blum",
    title = "Rubin Observatory Safety Plan",
     year = "Unreleased",
   handle = {RDO-15},
      url = {https://docushare.lsst.org/docushare/dsweb/Get/RDO-15} }

@misc{ATS-cite,
  author = "Alcea Technologies, Inc.",
  year   = "2022",
  title  = "Alcea Tracking Solutions",
  url    = {https://alceatech.com/},
  note   = "Accessed: 2024-04-04" }

